%YAML 1.1
%TAG !u! tag:unity3d.com,2011:
--- !u!29 &1
OcclusionCullingSettings:
  m_ObjectHideFlags: 0
  serializedVersion: 2
  m_OcclusionBakeSettings:
    smallestOccluder: 5
    smallestHole: 0.25
    backfaceThreshold: 100
  m_SceneGUID: 00000000000000000000000000000000
  m_OcclusionCullingData: {fileID: 0}
--- !u!104 &2
RenderSettings:
  m_ObjectHideFlags: 0
  serializedVersion: 9
  m_Fog: 0
  m_FogColor: {r: 0.5, g: 0.5, b: 0.5, a: 1}
  m_FogMode: 3
  m_FogDensity: 0.01
  m_LinearFogStart: 0
  m_LinearFogEnd: 300
  m_AmbientSkyColor: {r: 1, g: 1, b: 1, a: 1}
  m_AmbientEquatorColor: {r: 1, g: 1, b: 1, a: 1}
  m_AmbientGroundColor: {r: 1, g: 1, b: 1, a: 1}
  m_AmbientIntensity: 1
  m_AmbientMode: 3
  m_SubtractiveShadowColor: {r: 0.42, g: 0.478, b: 0.627, a: 1}
  m_SkyboxMaterial: {fileID: 0}
  m_HaloStrength: 0.5
  m_FlareStrength: 1
  m_FlareFadeSpeed: 3
  m_HaloTexture: {fileID: 0}
  m_SpotCookie: {fileID: 10001, guid: 0000000000000000e000000000000000, type: 0}
  m_DefaultReflectionMode: 0
  m_DefaultReflectionResolution: 128
  m_ReflectionBounces: 1
  m_ReflectionIntensity: 1
  m_CustomReflection: {fileID: 0}
  m_Sun: {fileID: 0}
  m_IndirectSpecularColor: {r: 0, g: 0, b: 0, a: 1}
  m_UseRadianceAmbientProbe: 0
--- !u!157 &4
LightmapSettings:
  m_ObjectHideFlags: 0
  serializedVersion: 11
  m_GIWorkflowMode: 1
  m_GISettings:
    serializedVersion: 2
    m_BounceScale: 1
    m_IndirectOutputScale: 1
    m_AlbedoBoost: 1
    m_TemporalCoherenceThreshold: 1
    m_EnvironmentLightingMode: 0
    m_EnableBakedLightmaps: 1
    m_EnableRealtimeLightmaps: 0
  m_LightmapEditorSettings:
    serializedVersion: 10
    m_Resolution: 1
    m_BakeResolution: 50
    m_AtlasSize: 1024
    m_AO: 1
    m_AOMaxDistance: 1
    m_CompAOExponent: 1
    m_CompAOExponentDirect: 0
    m_Padding: 2
    m_LightmapParameters: {fileID: 0}
    m_LightmapsBakeMode: 1
    m_TextureCompression: 0
    m_FinalGather: 0
    m_FinalGatherFiltering: 1
    m_FinalGatherRayCount: 256
    m_ReflectionCompression: 2
    m_MixedBakeMode: 1
    m_BakeBackend: 0
    m_PVRSampling: 1
    m_PVRDirectSampleCount: 32
    m_PVRSampleCount: 500
    m_PVRBounces: 2
    m_PVRFilterTypeDirect: 0
    m_PVRFilterTypeIndirect: 0
    m_PVRFilterTypeAO: 0
    m_PVRFilteringMode: 0
    m_PVRCulling: 1
    m_PVRFilteringGaussRadiusDirect: 1
    m_PVRFilteringGaussRadiusIndirect: 5
    m_PVRFilteringGaussRadiusAO: 2
    m_PVRFilteringAtrousPositionSigmaDirect: 0.5
    m_PVRFilteringAtrousPositionSigmaIndirect: 2
    m_PVRFilteringAtrousPositionSigmaAO: 1
    m_ShowResolutionOverlay: 1
  m_LightingDataAsset: {fileID: 0}
  m_UseShadowmask: 0
--- !u!196 &5
NavMeshSettings:
  serializedVersion: 2
  m_ObjectHideFlags: 0
  m_BuildSettings:
    serializedVersion: 2
    agentTypeID: 0
    agentRadius: 0.5
    agentHeight: 2
    agentSlope: 45
    agentClimb: 0.4
    ledgeDropHeight: 0
    maxJumpAcrossDistance: 0
    minRegionArea: 2
    manualCellSize: 0
    cellSize: 0.16666666
    manualTileSize: 0
    tileSize: 256
    accuratePlacement: 0
    debug:
      m_Flags: 0
  m_NavMeshData: {fileID: 0}
--- !u!1001 &1385680956
Prefab:
  m_ObjectHideFlags: 0
  serializedVersion: 2
  m_Modification:
    m_TransformParent: {fileID: 1887960390}
    m_Modifications:
    - target: {fileID: 22400008, guid: a162d8a4941561e48baf0f1d7f9abfa5, type: 2}
      propertyPath: m_LocalPosition.x
      value: 0
      objectReference: {fileID: 0}
    - target: {fileID: 22400008, guid: a162d8a4941561e48baf0f1d7f9abfa5, type: 2}
      propertyPath: m_LocalPosition.y
      value: 0
      objectReference: {fileID: 0}
    - target: {fileID: 22400008, guid: a162d8a4941561e48baf0f1d7f9abfa5, type: 2}
      propertyPath: m_LocalPosition.z
      value: 0
      objectReference: {fileID: 0}
    - target: {fileID: 22400008, guid: a162d8a4941561e48baf0f1d7f9abfa5, type: 2}
      propertyPath: m_LocalRotation.x
      value: 0
      objectReference: {fileID: 0}
    - target: {fileID: 22400008, guid: a162d8a4941561e48baf0f1d7f9abfa5, type: 2}
      propertyPath: m_LocalRotation.y
      value: 0
      objectReference: {fileID: 0}
    - target: {fileID: 22400008, guid: a162d8a4941561e48baf0f1d7f9abfa5, type: 2}
      propertyPath: m_LocalRotation.z
      value: 0
      objectReference: {fileID: 0}
    - target: {fileID: 22400008, guid: a162d8a4941561e48baf0f1d7f9abfa5, type: 2}
      propertyPath: m_LocalRotation.w
      value: 1
      objectReference: {fileID: 0}
    - target: {fileID: 22400008, guid: a162d8a4941561e48baf0f1d7f9abfa5, type: 2}
      propertyPath: m_RootOrder
      value: 0
      objectReference: {fileID: 0}
    - target: {fileID: 22400008, guid: a162d8a4941561e48baf0f1d7f9abfa5, type: 2}
      propertyPath: m_AnchoredPosition.x
      value: 0
      objectReference: {fileID: 0}
    - target: {fileID: 22400008, guid: a162d8a4941561e48baf0f1d7f9abfa5, type: 2}
      propertyPath: m_AnchoredPosition.y
      value: 0
      objectReference: {fileID: 0}
    - target: {fileID: 22400008, guid: a162d8a4941561e48baf0f1d7f9abfa5, type: 2}
      propertyPath: m_SizeDelta.x
      value: 670
      objectReference: {fileID: 0}
    - target: {fileID: 22400008, guid: a162d8a4941561e48baf0f1d7f9abfa5, type: 2}
      propertyPath: m_SizeDelta.y
      value: 741.799988
      objectReference: {fileID: 0}
    - target: {fileID: 22400008, guid: a162d8a4941561e48baf0f1d7f9abfa5, type: 2}
      propertyPath: m_AnchorMin.x
      value: .5
      objectReference: {fileID: 0}
    - target: {fileID: 22400008, guid: a162d8a4941561e48baf0f1d7f9abfa5, type: 2}
      propertyPath: m_AnchorMin.y
      value: .5
      objectReference: {fileID: 0}
    - target: {fileID: 22400008, guid: a162d8a4941561e48baf0f1d7f9abfa5, type: 2}
      propertyPath: m_AnchorMax.x
      value: .5
      objectReference: {fileID: 0}
    - target: {fileID: 22400008, guid: a162d8a4941561e48baf0f1d7f9abfa5, type: 2}
      propertyPath: m_AnchorMax.y
      value: .5
      objectReference: {fileID: 0}
    - target: {fileID: 22400008, guid: a162d8a4941561e48baf0f1d7f9abfa5, type: 2}
      propertyPath: m_Pivot.x
      value: .5
      objectReference: {fileID: 0}
    - target: {fileID: 22400008, guid: a162d8a4941561e48baf0f1d7f9abfa5, type: 2}
      propertyPath: m_Pivot.y
      value: .0266172606
      objectReference: {fileID: 0}
    m_RemovedComponents: []
  m_SourcePrefab: {fileID: 100100000, guid: a162d8a4941561e48baf0f1d7f9abfa5, type: 2}
  m_IsPrefabAsset: 0
--- !u!1 &1403583005
GameObject:
  m_ObjectHideFlags: 0
  m_CorrespondingSourceObject: {fileID: 0}
  m_PrefabInternal: {fileID: 0}
  serializedVersion: 6
  m_Component:
  - component: {fileID: 1403583010}
  - component: {fileID: 1403583009}
  - component: {fileID: 1403583008}
  - component: {fileID: 1403583007}
  - component: {fileID: 1403583006}
  m_Layer: 0
  m_Name: Main Camera
  m_TagString: MainCamera
  m_Icon: {fileID: 0}
  m_NavMeshLayer: 0
  m_StaticEditorFlags: 0
  m_IsActive: 1
--- !u!81 &1403583006
AudioListener:
  m_ObjectHideFlags: 0
  m_CorrespondingSourceObject: {fileID: 0}
  m_PrefabInternal: {fileID: 0}
  m_GameObject: {fileID: 1403583005}
  m_Enabled: 1
--- !u!124 &1403583007
Behaviour:
  m_ObjectHideFlags: 0
  m_CorrespondingSourceObject: {fileID: 0}
  m_PrefabInternal: {fileID: 0}
  m_GameObject: {fileID: 1403583005}
  m_Enabled: 1
--- !u!92 &1403583008
Behaviour:
  m_ObjectHideFlags: 0
  m_CorrespondingSourceObject: {fileID: 0}
  m_PrefabInternal: {fileID: 0}
  m_GameObject: {fileID: 1403583005}
  m_Enabled: 1
--- !u!20 &1403583009
Camera:
  m_ObjectHideFlags: 0
  m_CorrespondingSourceObject: {fileID: 0}
  m_PrefabInternal: {fileID: 0}
  m_GameObject: {fileID: 1403583005}
  m_Enabled: 1
  serializedVersion: 2
  m_ClearFlags: 1
  m_BackGroundColor: {r: 0.19215687, g: 0.3019608, b: 0.4745098, a: 0.019607844}
  m_projectionMatrixMode: 1
  m_SensorSize: {x: 36, y: 24}
  m_LensShift: {x: 0, y: 0}
  m_FocalLength: 50
  m_NormalizedViewPortRect:
    serializedVersion: 2
    x: 0
    y: 0
    width: 1
    height: 1
  near clip plane: 0.3
  far clip plane: 1536
  field of view: 60
  orthographic: 0
  orthographic size: 5
  m_Depth: -1
  m_CullingMask:
    serializedVersion: 2
    m_Bits: 4294967295
  m_RenderingPath: -1
  m_TargetTexture: {fileID: 0}
  m_TargetDisplay: 0
  m_TargetEye: 3
  m_HDR: 0
  m_AllowMSAA: 1
  m_AllowDynamicResolution: 0
  m_ForceIntoRT: 0
  m_OcclusionCulling: 1
  m_StereoConvergence: 10
  m_StereoSeparation: 0.022
--- !u!4 &1403583010
Transform:
  m_ObjectHideFlags: 0
  m_CorrespondingSourceObject: {fileID: 0}
  m_PrefabInternal: {fileID: 0}
  m_GameObject: {fileID: 1403583005}
  m_LocalRotation: {x: -0.000000030908623, y: 0.7071068, z: -0.7071068, w: -0.000000030908623}
  m_LocalPosition: {x: -512, y: 1024, z: 512}
  m_LocalScale: {x: 1, y: 1, z: 1}
  m_Children: []
  m_Father: {fileID: 0}
  m_RootOrder: 0
  m_LocalEulerAnglesHint: {x: 0, y: 0, z: 0}
--- !u!1 &1428393378 stripped
GameObject:
  m_CorrespondingSourceObject: {fileID: 100008, guid: a162d8a4941561e48baf0f1d7f9abfa5,
    type: 2}
  m_PrefabInternal: {fileID: 1385680956}
--- !u!224 &1428393379 stripped
RectTransform:
  m_CorrespondingSourceObject: {fileID: 22400008, guid: a162d8a4941561e48baf0f1d7f9abfa5,
    type: 2}
  m_PrefabInternal: {fileID: 1385680956}
--- !u!114 &1526643580 stripped
MonoBehaviour:
  m_CorrespondingSourceObject: {fileID: 11400000, guid: a162d8a4941561e48baf0f1d7f9abfa5,
    type: 2}
  m_PrefabInternal: {fileID: 1385680956}
  m_Script: {fileID: -98529514, guid: f5f67c52d1564df4a8936ccd202a3bd8, type: 3}
--- !u!114 &1622739952 stripped
MonoBehaviour:
  m_CorrespondingSourceObject: {fileID: 11400004, guid: a162d8a4941561e48baf0f1d7f9abfa5,
    type: 2}
  m_PrefabInternal: {fileID: 1385680956}
  m_Script: {fileID: 708705254, guid: f5f67c52d1564df4a8936ccd202a3bd8, type: 3}
--- !u!1 &1887960386
GameObject:
  m_ObjectHideFlags: 0
  m_CorrespondingSourceObject: {fileID: 0}
  m_PrefabInternal: {fileID: 0}
  serializedVersion: 6
  m_Component:
  - component: {fileID: 1887960390}
  - component: {fileID: 1887960389}
  - component: {fileID: 1887960388}
  - component: {fileID: 1887960387}
  m_Layer: 5
  m_Name: Canvas
  m_TagString: Untagged
  m_Icon: {fileID: 0}
  m_NavMeshLayer: 0
  m_StaticEditorFlags: 0
  m_IsActive: 1
--- !u!114 &1887960387
MonoBehaviour:
  m_ObjectHideFlags: 0
  m_CorrespondingSourceObject: {fileID: 0}
  m_PrefabInternal: {fileID: 0}
  m_GameObject: {fileID: 1887960386}
  m_Enabled: 1
  m_EditorHideFlags: 0
  m_Script: {fileID: 1301386320, guid: f5f67c52d1564df4a8936ccd202a3bd8, type: 3}
  m_Name: 
  m_EditorClassIdentifier: 
  m_IgnoreReversedGraphics: 1
  m_BlockingObjects: 0
  m_BlockingMask:
    serializedVersion: 2
    m_Bits: 4294967295
--- !u!114 &1887960388
MonoBehaviour:
  m_ObjectHideFlags: 0
  m_CorrespondingSourceObject: {fileID: 0}
  m_PrefabInternal: {fileID: 0}
  m_GameObject: {fileID: 1887960386}
  m_Enabled: 1
  m_EditorHideFlags: 0
  m_Script: {fileID: 1980459831, guid: f5f67c52d1564df4a8936ccd202a3bd8, type: 3}
  m_Name: 
  m_EditorClassIdentifier: 
  m_UiScaleMode: 0
  m_ReferencePixelsPerUnit: 100
  m_ScaleFactor: 1
  m_ReferenceResolution: {x: 800, y: 600}
  m_ScreenMatchMode: 0
  m_MatchWidthOrHeight: 0
  m_PhysicalUnit: 3
  m_FallbackScreenDPI: 96
  m_DefaultSpriteDPI: 96
  m_DynamicPixelsPerUnit: 1
--- !u!223 &1887960389
Canvas:
  m_ObjectHideFlags: 0
  m_CorrespondingSourceObject: {fileID: 0}
  m_PrefabInternal: {fileID: 0}
  m_GameObject: {fileID: 1887960386}
  m_Enabled: 1
  serializedVersion: 3
  m_RenderMode: 0
  m_Camera: {fileID: 0}
  m_PlaneDistance: 100
  m_PixelPerfect: 0
  m_ReceivesEvents: 1
  m_OverrideSorting: 0
  m_OverridePixelPerfect: 0
  m_SortingBucketNormalizedSize: 0
  m_AdditionalShaderChannelsFlag: 25
  m_SortingLayerID: 0
  m_SortingOrder: 0
  m_TargetDisplay: 0
--- !u!224 &1887960390
RectTransform:
  m_ObjectHideFlags: 0
  m_CorrespondingSourceObject: {fileID: 0}
  m_PrefabInternal: {fileID: 0}
  m_GameObject: {fileID: 1887960386}
  m_LocalRotation: {x: 0, y: 0, z: 0, w: 1}
  m_LocalPosition: {x: 0, y: 0, z: 0}
  m_LocalScale: {x: 0, y: 0, z: 0}
  m_Children:
  - {fileID: 1428393379}
  m_Father: {fileID: 0}
  m_RootOrder: 2
  m_LocalEulerAnglesHint: {x: 0, y: 0, z: 0}
  m_AnchorMin: {x: 0, y: 0}
  m_AnchorMax: {x: 0, y: 0}
  m_AnchoredPosition: {x: 0, y: 0}
  m_SizeDelta: {x: 0, y: 0}
  m_Pivot: {x: 0, y: 0}
--- !u!1 &1987974383
GameObject:
  m_ObjectHideFlags: 0
  m_CorrespondingSourceObject: {fileID: 0}
  m_PrefabInternal: {fileID: 0}
  serializedVersion: 6
  m_Component:
  - component: {fileID: 1987974387}
  - component: {fileID: 1987974386}
  - component: {fileID: 1987974385}
  - component: {fileID: 1987974384}
  m_Layer: 0
  m_Name: EventSystem
  m_TagString: Untagged
  m_Icon: {fileID: 0}
  m_NavMeshLayer: 0
  m_StaticEditorFlags: 0
  m_IsActive: 1
--- !u!114 &1987974384
MonoBehaviour:
  m_ObjectHideFlags: 0
  m_CorrespondingSourceObject: {fileID: 0}
  m_PrefabInternal: {fileID: 0}
  m_GameObject: {fileID: 1987974383}
  m_Enabled: 1
  m_EditorHideFlags: 0
  m_Script: {fileID: 1997211142, guid: f5f67c52d1564df4a8936ccd202a3bd8, type: 3}
  m_Name: 
  m_EditorClassIdentifier: 
  m_ForceModuleActive: 0
--- !u!114 &1987974385
MonoBehaviour:
  m_ObjectHideFlags: 0
  m_CorrespondingSourceObject: {fileID: 0}
  m_PrefabInternal: {fileID: 0}
  m_GameObject: {fileID: 1987974383}
  m_Enabled: 1
  m_EditorHideFlags: 0
  m_Script: {fileID: 1077351063, guid: f5f67c52d1564df4a8936ccd202a3bd8, type: 3}
  m_Name: 
  m_EditorClassIdentifier: 
  m_HorizontalAxis: Horizontal
  m_VerticalAxis: Vertical
  m_SubmitButton: Submit
  m_CancelButton: Cancel
  m_InputActionsPerSecond: 10
  m_RepeatDelay: 0.5
  m_ForceModuleActive: 0
--- !u!114 &1987974386
MonoBehaviour:
  m_ObjectHideFlags: 0
  m_CorrespondingSourceObject: {fileID: 0}
  m_PrefabInternal: {fileID: 0}
  m_GameObject: {fileID: 1987974383}
  m_Enabled: 1
  m_EditorHideFlags: 0
  m_Script: {fileID: -619905303, guid: f5f67c52d1564df4a8936ccd202a3bd8, type: 3}
  m_Name: 
  m_EditorClassIdentifier: 
  m_FirstSelected: {fileID: 0}
  m_sendNavigationEvents: 1
  m_DragThreshold: 5
--- !u!4 &1987974387
Transform:
  m_ObjectHideFlags: 0
  m_CorrespondingSourceObject: {fileID: 0}
  m_PrefabInternal: {fileID: 0}
  m_GameObject: {fileID: 1987974383}
  m_LocalRotation: {x: 0, y: 0, z: 0, w: 1}
  m_LocalPosition: {x: 0, y: 0, z: 0}
  m_LocalScale: {x: 1, y: 1, z: 1}
  m_Children: []
  m_Father: {fileID: 0}
  m_RootOrder: 3
  m_LocalEulerAnglesHint: {x: 0, y: 0, z: 0}
--- !u!1 &2037132035
GameObject:
  m_ObjectHideFlags: 0
  m_CorrespondingSourceObject: {fileID: 0}
  m_PrefabInternal: {fileID: 0}
  serializedVersion: 6
  m_Component:
  - component: {fileID: 2037132039}
  - component: {fileID: 2037132038}
  - component: {fileID: 2037132037}
  - component: {fileID: 2037132036}
  - component: {fileID: 2037132040}
  m_Layer: 0
  m_Name: Map
  m_TagString: Untagged
  m_Icon: {fileID: 0}
  m_NavMeshLayer: 0
  m_StaticEditorFlags: 0
  m_IsActive: 1
--- !u!114 &2037132036
MonoBehaviour:
  m_ObjectHideFlags: 0
  m_CorrespondingSourceObject: {fileID: 0}
  m_PrefabInternal: {fileID: 0}
  m_GameObject: {fileID: 2037132035}
  m_Enabled: 1
  m_EditorHideFlags: 0
  m_Script: {fileID: 11500000, guid: ed3c476c58b6b054d9469cbe6c8fa060, type: 3}
  m_Name: 
  m_EditorClassIdentifier: 
  fileCacheLocation: 0
  fileCacheCustomPath: 
  fileCacheTilePath: TileCache/{pid}/{mid}/{lbs}/{lng}/{zoom}/{x}/{y}
  fileCacheUnloadRate: 0.3
  maxFileCacheSize: 100
  maxMemoryCacheSize: 10
  memoryCacheUnloadRate: 0.3
  useFileCache: 1
  useMemoryCache: 1
--- !u!114 &2037132037
MonoBehaviour:
  m_ObjectHideFlags: 0
  m_CorrespondingSourceObject: {fileID: 0}
  m_PrefabInternal: {fileID: 0}
  m_GameObject: {fileID: 2037132035}
  m_Enabled: 1
  m_EditorHideFlags: 0
  m_Script: {fileID: 11500000, guid: a535bd26274b9da4a85dcb372148ce3c, type: 3}
  m_Name: 
  m_EditorClassIdentifier: 
  activeTexture: {fileID: 0}
  allowAddMarkerByM: 1
  allowZoom: 1
  allowUserControl: 1
  isMapDrag: 0
  invertTouchZoom: 0
  zoomInOnDoubleClick: 1
  zoomMode: 0
  activeCamera: {fileID: 1403583009}
  allowAddMarker3DByN: 1
  allowDefaultMarkerEvents: 1
  allowCameraControl: 1
  cameraAdjustTo: 0
  cameraDistance: 500
  cameraRotation: {x: 0, y: 0}
  cameraSpeed: {x: 1, y: 1}
  default3DMarker: {fileID: 0}
  marker2DMode: 0
  marker2DSize: 100
  markers3D: []
  marker3DScale: 1
  maxCameraRotationX: 80
  originalPosition: {x: 0, y: 0, z: 0}
  originalScale: {x: 0, y: 0, z: 0}
  bingAPI: 
  checkMarker2DVisibility: 0
  colliderType: 1
  drawingsGameObject: {fileID: 0}
  drawingMode: 0
  drawingShader: {fileID: 4800000, guid: 07fd051d8972c7a4bac96bfa8038d08b, type: 3}
  elevationZoomRange:
    max: 20
    min: 11
    maxLimit: 20
    minLimit: 1
  elevationScale: 1
  elevationBottomMode: 0
  elevationResolution: 32
  elevationMinValue: 0
  elevationMaxValue: 0
  lockYScale: 0
  markerMaterial: {fileID: 0}
  markerShader: {fileID: 30, guid: 0000000000000000f000000000000000, type: 0}
  smoothZoom: 1
  smoothZoomMinScale: -3.4028235e+38
  smoothZoomMaxScale: 3.4028235e+38
  smoothZoomStarted: 0
  tileMaterial: {fileID: 0}
  tilesetShader: {fileID: 4800000, guid: f65580aa9bbbd7e42b05adab01e1ca2d, type: 3}
  useElevation: 0
  yScaleValue: 0
  _mipmapForTiles: 0
--- !u!114 &2037132038
MonoBehaviour:
  m_ObjectHideFlags: 0
  m_CorrespondingSourceObject: {fileID: 0}
  m_PrefabInternal: {fileID: 0}
  m_GameObject: {fileID: 2037132035}
  m_Enabled: 1
  m_EditorHideFlags: 0
  m_Script: {fileID: 11500000, guid: 9cf484bb098da8c48973c6e0076a9e35, type: 3}
  m_Name: 
  m_EditorClassIdentifier: 
  allowRedraw: 1
  control: {fileID: 0}
  customProviderURL: http://localhost/{zoom}/{y}/{x}
  customTrafficProviderURL: http://localhost/{zoom}/{y}/{x}
  defaultMarkerAlign: 7
  defaultMarkerTexture: {fileID: 2800000, guid: ea7eb0aa8eaab054a91d4219f9719f63,
    type: 3}
  defaultTileTexture: {fileID: 0}
  dispatchEvents: 1
  emptyColor: {r: 0.5, g: 0.5, b: 0.5, a: 1}
  height: 0
  labels: 0
  language: en
  lockRedraw: 0
  markers: []
  needRedraw: 1
  notInteractUnderGUI: 1
  provider: 2
  mapType: virtualearth.road
  redrawOnPlay: 1
  renderInThread: 0
  resourcesPath: OnlineMapsTiles/{zoom}/{x}/{y}
  showMarkerTooltip: 0
  smartTexture: {fileID: 0}
  source: 0
  stopPlayingWhenScriptsCompile: 1
  target: 1
  texture: {fileID: 0}
  tilesetWidth: 1024
  tilesetHeight: 1024
  tilesetSize: {x: 1024, y: 1024}
  tooltip: 
  tooltipMarker:
    label: 
    range:
      max: 20
      min: 1
      maxLimit: 20
      minLimit: 1
    tags: []
    _enabled: 1
    latitude: 0
    longitude: 0
    _scale: 1
  tooltipBackgroundTexture: {fileID: 2800000, guid: a8d1734e646100c4e83635fecf978e15,
    type: 3}
  traffic: 0
  trafficProviderID: googlemaps
  type: 0
  useCurrentZoomTiles: 0
  useSoftwareJPEGDecoder: 0
  useSmartTexture: 1
  useWebplayerProxy: 1
  webplayerProxyURL: http://service.infinity-code.com/redirect.php?
  width: 0
  latitude: 41.907649993896484
  longitude: 12.475749969482422
  _zoom: 14
  _activeTypeSettings: 
--- !u!4 &2037132039
Transform:
  m_ObjectHideFlags: 0
  m_CorrespondingSourceObject: {fileID: 0}
  m_PrefabInternal: {fileID: 0}
  m_GameObject: {fileID: 2037132035}
  m_LocalRotation: {x: 0, y: 0, z: 0, w: 1}
  m_LocalPosition: {x: 0, y: 0, z: 0}
  m_LocalScale: {x: 1, y: 1, z: 1}
  m_Children: []
  m_Father: {fileID: 0}
  m_RootOrder: 1
  m_LocalEulerAnglesHint: {x: 0, y: 0, z: 0}
--- !u!114 &2037132040
MonoBehaviour:
  m_ObjectHideFlags: 0
  m_CorrespondingSourceObject: {fileID: 0}
  m_PrefabInternal: {fileID: 0}
  m_GameObject: {fileID: 2037132035}
  m_Enabled: 1
  m_EditorHideFlags: 0
  m_Script: {fileID: 11500000, guid: 329b6f96e19ac604a9d0dc90891d6ff4, type: 3}
  m_Name: 
  m_EditorClassIdentifier: 
  canvas: {fileID: 1887960389}
  bubble: {fileID: 1428393378}
  title: {fileID: 1622739952}
  address: {fileID: 2104302229}
  photo: {fileID: 1526643580}
  datas:
  - title: Twenty One Hotel
    address: Via Cola di Rienzo, 23, Roma
    photo_url: http://www.phone-travel.com/pic/twentyone-hotel_ad0e8287f958c9dbfd7987b7e5d2c22a.jpg
    longitude: 12.469169616699219
    latitude: 41.909095764160156
  - title: Grand Hotel Palatino
    address: Via Cavour, 213/M, Roma
    photo_url: https://pix10.agoda.net/hotelImages/453/4533/4533_15061514440029537057.jpg?s=1024x768
    longitude: 12.492280006408691
    latitude: 41.89451599121094
  - title: Radisson Blu es. Hotel, Rome
    address: Via Filippo Turati, 171, Roma
    photo_url: http://romaluxury.com/wp-content/uploads/2017/10/Radisson-blu-es-hotel_luxury_hotel_in_rome_photo3.png.jpg
    longitude: 12.505842208862305
    latitude: 41.896728515625
  - title: Hotel Des Artistes
    address: Via Villafranca, 20, Roma
    photo_url: https://a1.r9cdn.net/rimg/himg/7f/e3/e6/leonardo-1304435-45839s_S-image.jpg?width=500&height=350&crop=true
    longitude: 12.50522518157959
    latitude: 41.905147552490234
  - title: Best Western Plus Hotel Universo
    address: Via Principe Amedeo, 5/B, Roma
    photo_url: https://media-cdn.tripadvisor.com/media/photo-s/13/66/dc/71/exterior.jpg
    longitude: 12.497450828552246
    latitude: 41.90021514892578
--- !u!114 &2104302229 stripped
MonoBehaviour:
  m_CorrespondingSourceObject: {fileID: 11400002, guid: a162d8a4941561e48baf0f1d7f9abfa5,
    type: 2}
  m_PrefabInternal: {fileID: 1385680956}
  m_Script: {fileID: 708705254, guid: f5f67c52d1564df4a8936ccd202a3bd8, type: 3}
